<?xml version="1.0" encoding="UTF-8"?><collection xmlns="http://www.loc.gov/MARC21/slim"><record><leader>00442nam--2200145-i-4500</leader><controlfield tag="001">000029447</controlfield><controlfield tag="002">20161230</controlfield><controlfield tag="005">20161230201037</controlfield><controlfield tag="008">060222s1000------------r-----000-0-eng-d</controlfield><datafield ind1=" " ind2=" " tag="080"><subfield code="a">530.12</subfield></datafield><datafield ind1=" " ind2=" " tag="100"><subfield code="a">Lichnerowicz, A</subfield></datafield><datafield ind1=" " ind2=" " tag="245"><subfield code="a">Theorie relativistes de la gravitation et de l`electromagnetisme</subfield></datafield><datafield ind1=" " ind2=" " tag="260"><subfield code="a">Paris, Masson Et Curie, 1955. Xii+299p</subfield></datafield><datafield ind1=" " ind2=" " tag="490"><subfield code="a">Collection D`Ouvrages De Mathematiques A L`Usage Des Physiciens</subfield></datafield><datafield ind1=" " ind2=" " tag="852"><subfield code="a">10390</subfield></datafield></record></collection>